<?xml version="1.0" encoding="UTF-8"?><collection xmlns="http://www.loc.gov/MARC21/slim"><record><leader>00394nam--2200133-i-4500</leader><controlfield tag="001">000043935</controlfield><controlfield tag="002">20161230</controlfield><controlfield tag="005">20161230201044</controlfield><controlfield tag="008">060222s1000------------r-----000-0-eng-d</controlfield><datafield ind1=" " ind2=" " tag="080"><subfield code="a">539.12.172:530.145:512.83</subfield></datafield><datafield ind1=" " ind2=" " tag="100"><subfield code="a">Taylor,John R</subfield></datafield><datafield ind1=" " ind2=" " tag="245"><subfield code="a">Scattering theory:the quantum theory on nonrelativistic collisiions</subfield></datafield><datafield ind1=" " ind2=" " tag="260"><subfield code="a">New York, John Wiley &amp; Sons,Inc.,1972. Xvi + 477 P</subfield></datafield><datafield ind1=" " ind2=" " tag="852"><subfield code="a">37040</subfield></datafield></record></collection>